@misc{gym,
  title    = {Gymnasium {Documentation}},
  url      = {https://gymnasium.farama.org/environments/box2d/lunar_lander.html},
  abstract = {A standard API for reinforcement learning and a diverse set of reference environments (formerly Gym)},
  language = {en},
  urldate  = {2023-04-21}
}
@book{HO,
  address    = {San Francisco, CA},
  title      = {Stochastic local search: foundations and applications},
  isbn       = {9781558608726},
  shorttitle = {Stochastic local search},
  publisher  = {Morgan Kaufmann Publishers},
  author     = {Hoos, Holger H. and Stutzle, Thomas},
  year       = {2005},
  keywords   = {Stochastic programming, Algorithms, Combinatorial analysis}
}
@incollection{pytorch,
  title     = {PyTorch: An Imperative Style, High-Performance Deep Learning Library},
  author    = {Paszke, Adam and Gross, Sam and Massa, Francisco and Lerer, Adam and Bradbury, James and Chanan, Gregory and Killeen, Trevor and Lin, Zeming and Gimelshein, Natalia and Antiga, Luca and Desmaison, Alban and Kopf, Andreas and Yang, Edward and DeVito, Zachary and Raison, Martin and Tejani, Alykhan and Chilamkurthy, Sasank and Steiner, Benoit and Fang, Lu and Bai, Junjie and Chintala, Soumith},
  booktitle = {Advances in Neural Information Processing Systems 32},
  pages     = {8024--8035},
  year      = {2019},
  publisher = {Curran Associates, Inc.},
  url       = {http://papers.neurips.cc/paper/9015-pytorch-an-imperative-style-high-performance-deep-learning-library.pdf}
}
@book{RL,
  address    = {Cambridge, Massachusetts},
  series     = {Adaptive computation and machine learning series},
  title      = {Reinforcement learning: an introduction},
  isbn       = {9780262039246},
  shorttitle = {Reinforcement learning},
  abstract   = {"Reinforcement learning, one of the most active research areas in artificial intelligence, is a computational approach to learning whereby an agent tries to maximize the total amount of reward it receives while interacting with a complex, uncertain environment. In Reinforcement Learning, Richard Sutton and Andrew Barto provide a clear and simple account of the field's key ideas and algorithms."--},
  publisher  = {The MIT Press},
  author     = {Sutton, Richard S. and Barto, Andrew G.},
  year       = {2018},
  keywords   = {Reinforcement learning}
}
@misc{slides,
  author    = {Denis Steckelmacher},
  title     = {Policy-Based RL},
  month     = {November},
  year      = {2022},
  publisher = {Vrije Universiteit Brussel}
}